<?xml version="1.0" encoding="UTF-8"?><record xmlns="http://www.loc.gov/MARC21/slim" xmlns:cinclude="http://apache.org/cocoon/include/1.0" xmlns:zs="http://www.loc.gov/zing/srw/">
  <leader>00636cz  a2200181n  4500</leader>
  <controlfield tag="001">n  85136177 </controlfield>
  <controlfield tag="003">DLC</controlfield>
  <controlfield tag="005">20100516080759.0</controlfield>
  <controlfield tag="008">860124n| acannaabn          |n ana      </controlfield>
  <datafield tag="010" ind1=" " ind2=" ">
    <subfield code="a">n  85136177 </subfield>
  </datafield>
  <datafield tag="034" ind1=" " ind2=" ">
    <subfield code="d">W0551400</subfield>
    <subfield code="e">W0551400</subfield>
    <subfield code="f">S0344800</subfield>
    <subfield code="g">S0344800</subfield>
    <subfield code="2">other</subfield>
  </datafield>
  <datafield tag="035" ind1=" " ind2=" ">
    <subfield code="a">(OCoLC)oca01515436</subfield>
  </datafield>
  <datafield tag="040" ind1=" " ind2=" ">
    <subfield code="a">DLC</subfield>
    <subfield code="b">eng</subfield>
    <subfield code="c">DLC</subfield>
    <subfield code="d">OCoLC</subfield>
  </datafield>
  <datafield tag="043" ind1=" " ind2=" ">
    <subfield code="a">s-uy---</subfield>
  </datafield>
  <datafield tag="151" ind1=" " ind2=" ">
    <subfield code="a">Pan de Azúcar (Uruguay)</subfield>
  </datafield>
  <datafield tag="670" ind1=" " ind2=" ">
    <subfield code="a">Censo experimental de Pan de Azúcar, 1985:</subfield>
    <subfield code="b">p. 41 (map shows city east of Gerona by the Arroyo Pan de Azúcar)</subfield>
  </datafield>
  <datafield tag="670" ind1=" " ind2=" ">
    <subfield code="a">BGN gaz., Uruguay, 1956</subfield>
    <subfield code="b">(Pan de Azúcar: popl; 34°48ʹS; 55°14ʹW)</subfield>
  </datafield>
  <datafield tag="781" ind1=" " ind2="0">
    <subfield code="z">Uruguay</subfield>
    <subfield code="z">Pan de Azúcar</subfield>
  </datafield>
</record>